<record xmlns:xsi="http://www.w3.org/2001/XMLSchema-instance" xmlns="http://www.loc.gov/MARC21/slim" xsi:schemaLocation="http://www.loc.gov/MARC21/slim http://www.loc.gov/standards/marcxml/schema/MARC21slim.xsd">

  <leader>00617nam a2200193Ia 4500</leader>
  <datafield ind2=" " tag="020" ind1=" ">
    <subfield code="a">9968-31-095-6</subfield>
  </datafield>
  <datafield ind2=" " tag="090" ind1=" ">
    <subfield code="a">18.01.01 </subfield>
    <subfield code="b">747</subfield>
  </datafield>
  <datafield ind2=" " tag="111" ind1=" ">
    <subfield code="a">Congreso de Investigación (1 : 2000 : Costa Rica)</subfield>
  </datafield>
  <datafield tag="245" ind1=" " ind2=" ">
    <subfield code="a">Los retos y propuestas de la investigación en el III milenio : memoria</subfield>
  </datafield>
  <datafield ind1=" " tag="260" ind2=" ">
    <subfield code="a">San José, C. R. : </subfield>
    <subfield code="b">UNED, </subfield>
    <subfield code="c">2000</subfield>
  </datafield>
  <datafield tag="300" ind1=" " ind2=" ">
    <subfield code="a">xxxiii, 359 páginas</subfield>
  </datafield>
  <datafield tag="650" ind1=" " ind2=" ">
    <subfield code="a">INVESTIGACION </subfield>
  </datafield>
  <datafield ind1=" " tag="650" ind2=" ">
    <subfield code="a">EDUCACION  SUPERIOR</subfield>
  </datafield>
  <datafield ind2=" " tag="650" ind1=" ">
    <subfield code="a">CONOCIMIENTO </subfield>
  </datafield>
  <datafield ind2=" " tag="650" ind1=" ">
    <subfield code="a"> DESARROLLO HUMANO</subfield>
  </datafield>
  <datafield ind2=" " tag="650" ind1=" ">
    <subfield code="a">CIENCIA Y TECNOLOGIA</subfield>
  </datafield>
  <datafield ind2=" " ind1=" " tag="651">
    <subfield code="a">COSTA RICA</subfield>
  </datafield>
  <datafield ind2=" " tag="711" ind1=" ">
    <subfield code="a">Congreso de Investigación (1 : 2000 : Costa Rica)</subfield>
  </datafield>
  <datafield tag="999" ind1=" " ind2=" ">
    <subfield code="c">798</subfield>
    <subfield code="d">798</subfield>
  </datafield>
</record>